@booklet{ATLAS-CONF-2016-030,
      title         = "{Search for light dijet resonances with the ATLAS detector
                       using a Trigger-Level Analysis in LHC pp collisions at
                       $\sqrt{s}=13$~TeV}",
      institution   = "CERN",
    author         = "{ATLAS Collaboration}",
      address       = "Geneva",
      number        = "ATLAS-CONF-2016-030",
      month         = "Jun",
      year          = "2016",
      reportNumber  = "ATLAS-CONF-2016-030",
      url           = "http://cds.cern.ch/record/2161135",
}


@article{Aad:2016upy,
      author         = "ATLAS Collaboration",
      title          = "{Topological cell clustering in the ATLAS calorimeters
                        and its performance in LHC Run 1}",
      journal        = "Eur. Phys. J.",
      volume         = "C77",
      year           = "2017",
      pages          = "490",
      doi            = "10.1140/epjc/s10052-017-5004-5",
      eprint         = "1603.02934",
      archivePrefix  = "arXiv",
      primaryClass   = "hep-ex",
      reportNumber   = "CERN-PH-EP-2015-304",
      SLACcitation   = "%%CITATION = ARXIV:1603.02934;%%"
}

@article{Sirunyan:2016iap,
      author         = "CMS Collaboration",
      title          = "{Search for dijet resonances in proton-proton collisions
                        at $\sqrt{s}$ = 13 TeV and constraints on dark matter and
                        other models}",
      journal        = "Phys. Lett. B",
      year           = "2016",
      doi            = "10.1016/j.physletb.2017.02.012",
      eprint         = "1611.03568",
      archivePrefix  = "arXiv",
      primaryClass   = "hep-ex",
      reportNumber   = "CMS-EXO-16-032, CERN-EP-2016-277",
      SLACcitation   = "%%CITATION = ARXIV:1611.03568;%%"
}

@booklet{CMS-PAS-EXO-14-005,
	title         = "{Search for Resonances Decaying to Dijet Final States at
	$\sqrt{s} = 8$ TeV with Scouting Data}",
        author    = "{CMS~Collaboration}",
	year          = "2015",
	howpublished  = "CMS-PAS-EXO-14-005",
	url           = "https://cds.cern.ch/record/2063491",
}

@article{Khachatryan:2016ecr,
      author         = "CMS Collaboration",
      title          = "{Search for narrow resonances in dijet final states at
                        $\sqrt{s}$= 8 TeV with the novel CMS technique of data
                        scouting}",
      journal        = "Phys. Rev. Lett.",
      volume         = "117",
      year           = "2016",
      number         = "3",
      pages          = "031802",
      doi            = "10.1103/PhysRevLett.117.031802",
      eprint         = "1604.08907",
      archivePrefix  = "arXiv",
      primaryClass   = "hep-ex",
      reportNumber   = "CMS-EXO-14-005, CERN-EP-2016-090",
      SLACcitation   = "%%CITATION = ARXIV:1604.08907;%%"
}
@article{Aaboud:2016leb,
     author    = "{ATLAS~Collaboration}",
      title          = "{Performance of the ATLAS Trigger System in 2015}",
      year           = "2016",
      eprint         = "1611.09661",
      archivePrefix  = "arXiv",
      primaryClass   = "hep-ex",
      reportNumber   = "CERN-EP-2016-241",
      journal        = "Eur. Phys. J.",
      volume         = "C77",
      year           = "2017",
      number         = "5",
      pages          = "317",
      doi            = "10.1140/epjc/s10052-017-4852-3",
      eprint         = "1611.09661",
      SLACcitation   = "%%CITATION = ARXIV:1611.09661;%%"
}

@article{Aaboud:2017jcu,
     author    = "{ATLAS~Collaboration}",
      title          = "{Jet energy scale measurements and their systematic
                        uncertainties in proton-proton collisions at $\sqrt{s} =
                        13$ TeV with the ATLAS detector}",
      collaboration  = "ATLAS",
      year           = "2017",
      eprint         = "1703.09665",
      archivePrefix  = "arXiv",
      primaryClass   = "hep-ex",
      reportNumber   = "CERN-EP-2017-038",
      SLACcitation   = "%%CITATION = ARXIV:1703.09665;%%"
}

@techreport{Boveia:2137219,
      author        = "Boveia, Antonio and Bryngemark, Lene and Cortes-Gonzalez,
                       Arely and Doglioni, Caterina and Facini, Gabriel and Frost,
                       James and Genest, Marie-Helene and Ippolito, Valerio and
                       Salek, David and Tolley, Emma and Wang, Fuquan and
                       Barberio, Elisabetta Luigia and Bertoli, Gabriele and
                       Brennan, Amelia Jean and Clement, Christophe and Dale,
                       Orjan and Dawe, Edmund and Dionisi, Carlo and Fischer, Cora
                       and Giagu, Stefano and Gustavino, Giuliano and Ju,
                       Xiangyang and Kashif, Lashkar and Lundberg, Olof and
                       Martinez, Mario and Morii, Masahiro and McDonald, Emily and
                       Rescigno, Marco and Rodriguez Perez, Andrea and Rogan,
                       Christopher Sean and Rossetti, Valerio and Sciolla,
                       Gabriella and Sun, Siyuan and Tripiana, Martin and
                       Venturini, Alessio and Wu, Sau Lan and Zambito, Stefano and
                       Fabiani, Veronica and Aubry, Leonard and Carminati,
                       Leonardo and Cavalli, Donatella and Chekanov, Sergei and
                       Ratti, Maria Giulia and Resconi, Silvia and Mungo, Davide
                       Pietro and Akesson, Torsten and Alison, John and Allen,
                       Benjamin William and Amidei, Dante and Ashkenazi, Adi and
                       Bauce, Matteo and Bawa, Harinder Singh and Beresford, Lydia
                       and Bilbao De Mendizabal, Javier and Bossio Sola, Jonathan
                       David and Clark, Brian Lee and Dandoy, Jeffrey Rogers and
                       Davies, Merlin and Frate, Meghan and Fullana Torregrosa,
                       Esteban and Grud, Christopher and Guescini, Francesco and
                       Hubacek, Zdenek and Huffman, Todd Brian and Huth, John and
                       Issever, Cigdem and Koren, Guy and Krizka, Karol and Lopez
                       Mateos, David and Malaescu, Bogdan and Marceca, Gino and
                       Messina, Andrea and Pachal, Katherine and Piegaia, Ricardo
                       and Schramm, Steven and Searcy, Jacob and Sekhon, Karishma
                       and Starovoitov, Pavel and Strom, David and Ulbricht, Jaryd
                       Franklin and Vanadia, Marco and Whiteson, Daniel and Zhang,
                       Dengfeng and Zhou, Ning and Zhu, Junjie",
      title         = "{Dark Matter Simplified Model Exclusions: Lepto-phobic
                       Axial-Vector Mediator}",
      institution   = "CERN",
      address       = "Geneva",
      number        = "ATL-COM-PHYS-2016-219",
      month         = "Mar",
      year          = 2016,
      reportNumber  = "ATL-COM-PHYS-2016-219",
      url           = "https://cds.cern.ch/record/2137219",
}


author         = "Bertone, Gianfranco and Hooper, Dan and Silk, Joseph",
@article{Bertone:2004pz,
      author         = "Bertone, Gianfranco and others",
      title          = "{Particle DM: Evidence, candidates and
                        constraints}",
      journal        = "Phys.Rept.",
      volume         = "405",
      pages          = "279-390",
      doi            = "10.1016/j.physrep.2004.08.031",
      year           = "2005",
      eprint         = "hepph/0404175",
      archivePrefix  = "arXiv",
      primaryClass   = "hepph",
      reportNumber   = "FERMILAB-PUB-04-047-A",
      SLACcitation   = "%%CITATION = HEP-PH/0404175;%%",
}

@booklet{Abercrombie:2015wmb,
      author         = "Abercrombie, Daniel and others",
      title          = "{Dark Matter Benchmark Models for Early LHC Run-2
                        Searches: Report of the ATLAS/CMS Dark Matter Forum}",
      year           = 2015,
      eprint         = "1507.00966",
      archivePrefix  = "arXiv",
      primaryClass   = "hep-ex",
      reportNumber   = "FERMILAB-PUB-15-282-CD",
      SLACcitation   = "%%CITATION = ARXIV:1507.00966;%%"
}

@article{Chala:2015ama,
      author         = "Chala, Mikael and others",
      title          = "{Constraining Dark Sectors with Monojets and Dijets}",
      journal        = "JHEP",
      volume         = "07",
      year           = "2015",
      pages          = "089",
      doi            = "10.1007/JHEP07(2015)089",
      eprint         = "1503.05916",
      archivePrefix  = "arXiv",
      primaryClass   = "hep-ph",
      reportNumber   = "DESY-15-036, CERN-PH-TH-2015-057",
      SLACcitation   = "%%CITATION = ARXIV:1503.05916;%%"
}

@article{Dobrescu:2013cmh,
      author         = "Dobrescu, Bogdan A. and Yu, Felix",
      title          = "{Coupling-mass mapping of dijet peak searches}",
      journal        = "Phys. Rev. D",
      volume         = "88",
      number         = "3",
      pages          = "035021",
      doi            = "10.1103/PhysRevD.88.035021, 10.1103/PhysRevD.90.079901",
      year           = "2013",
      eprint         = "1306.2629",
      archivePrefix  = "arXiv",
      primaryClass   = "hep-ph",
      SLACcitation   = "%%CITATION = ARXIV:1306.2629;%%",
}

@article{Cacciari:2008gp,
        author    = "Matteo Cacciari and others",
        title     = "{The anti-$k_t$ jet clustering algorithm}",
        journal   = "JHEP",
        volume    = "04",
        year      = "2008",
        pages     = "063",
        eprint    = "0802.1189",
        archivePrefix = "arXiv",
        primaryClass  =  "hep-ph",
        doi       = "10.1088/1126-6708/2008/04/063",
	SLACcitation  = "%%CITATION = 0802.1189;%%"
}

@Article{Cacciari:2006,
	author    = "Cacciari, M. and Salam, G.P.",
	title     = "{Dispelling the $N^3$ myth for the $k_t$ jet-finder}",
	journal   = "Phys. Lett. B",
	volume    = "641",
	year      = "2006",
	pages     = "57",
	eprint    = "hep-ph/0512210",
	archivePrefix = "arXiv",
	doi = "10.1016/j.physletb.2006.08.037"
}

@article{Bertolini:2014bba,
      author         = "Bertolini, Daniele and others",
      title          = "{Pileup Per Particle Identification}",
      journal        = "JHEP",
      volume         = "10",
      year           = "2014",
      pages          = "059",
      doi            = "10.1007/JHEP10(2014)059",
      eprint         = "1407.6013",
      archivePrefix  = "arXiv",
      primaryClass   = "hep-ph",
      reportNumber   = "FERMILAB-PUB-14-238-PPD, EFI-14-18, MIT-CTP-4558",
      SLACcitation   = "%%CITATION = ARXIV:1407.6013;%%"
}

@inproceedings{McCarthy:2016pzc,
      author         = "McCarthy, Thomas G.",
      title          = "{Upgrade of the ATLAS Liquid Argon Calorimeters for the
                        High-Luminosity LHC}",
      booktitle      = "{NSS/MIC 2016 Proceedings}",
      collaboration  = "ATLAS Liquid Argon Calorimeter Group",
      url            = "https://inspirehep.net/record/1505424/files/arXiv:1612.07102.pdf",
      year           = "2016",
      eprint         = "1612.07102",
      archivePrefix  = "arXiv",
      primaryClass   = "physics.ins-det",
      SLACcitation   = "%%CITATION = ARXIV:1612.07102;%%"
}

@inproceedings{Martelli:2017qbe,
      author         = "Martelli, Arabella",
      title          = "{The CMS HGCAL detector for HL-LHC upgrade}",
      booktitle      = "{LHCP Proceedings}",
      collaboration  = "CMS",
      url            = "https://inspirehep.net/record/1620207/files/arXiv:1708.08234.pdf",
      year           = "2017",
      eprint         = "1708.08234",
      archivePrefix  = "arXiv",
      primaryClass   = "physics.ins-det",
      SLACcitation   = "%%CITATION = ARXIV:1708.08234;%%"
}

@article{1748-0221-6-12-C12065,
  author={D Abbaneo},
  title={Upgrade of the CMS Tracker with tracking trigger},
  journal={Journal of Instrumentation},
  volume={6},
  number={12},
  pages={C12065},
  url={http://stacks.iop.org/1748-0221/6/i=12/a=C12065},
  year={2011}
  }
  
@article{Shochet:2013gaw,
      author         = "Shochet, M. and others",
      title          = "{Fast TracKer (FTK) Technical Design Report}",
      year           = "2013",
      reportNumber   = "CERN-LHCC-2013-007, ATLAS-TDR-021",
      SLACcitation   = "%%CITATION = CERN-LHCC-2013-007;%%"
}
@article{Cacciari:2014gra,
      author         = "Cacciari, Matteo and Salam, Gavin P. and Soyez, Gregory",
      title          = "{SoftKiller, a particle-level pileup removal method}",
      journal        = "Eur. Phys. J.",
      volume         = "C75",
      year           = "2015",
      number         = "2",
      pages          = "59",
      doi            = "10.1140/epjc/s10052-015-3267-2",
      eprint         = "1407.0408",
      archivePrefix  = "arXiv",
      primaryClass   = "hep-ph",
      reportNumber   = "CERN-PH-TH-2014-116",
      SLACcitation   = "%%CITATION = ARXIV:1407.0408;%%"
}

@article{ATLAS:2017pfq,
      author         = "ATLAS Collaboration",
      title          = "{Constituent-level pile-up mitigation techniques in
                        ATLAS}",
      collaboration  = "ATLAS",
      year           = "2017",
      reportNumber   = "ATLAS-CONF-2017-065",
      SLACcitation   = "%%CITATION = ATLAS-CONF-2017-065;%%"
}

@article{Aad:2015ina,
      author         = "ATLAS Collaboration",
      title          = "{Performance of pile-up mitigation techniques for jets in
                        $pp$ collisions at $\sqrt{s}=8$  TeV using the ATLAS
                        detector}",
      journal        = "Eur. Phys. J.",
      volume         = "C76",
      year           = "2016",
      number         = "11",
      pages          = "581",
      doi            = "10.1140/epjc/s10052-016-4395-z",
      eprint         = "1510.03823",
      archivePrefix  = "arXiv",
      primaryClass   = "hep-ex",
      reportNumber   = "CERN-PH-EP-2015-206",
      SLACcitation   = "%%CITATION = ARXIV:1510.03823;%%"
}


@booklet{ATLAS-CONF-2015-002,
	author    = "{ATLAS~Collaboration}",
	title         = "{Jet global sequential corrections with the ATLAS detector
	in proton-proton collisions at $\sqrt{s}$ = 8 TeV}",
	howpublished        = "{ATLAS-CONF-2015-002}",
	year          = "2015",
	url           = "http://cds.cern.ch/record/2001682",
}

@article{Ilten:2016tkc,
      author         = "Ilten, Philip and others",
      title          = "{Proposed Inclusive Dark Photon Search at LHCb}",
      journal        = "Phys. Rev. Lett.",
      volume         = "116",
      year           = "2016",
      number         = "25",
      pages          = "251803",
      doi            = "10.1103/PhysRevLett.116.251803",
      eprint         = "1603.08926",
      archivePrefix  = "arXiv©up",
      primaryClass   = "hep-ph",
      reportNumber   = "MIT-CTP-4785",
      SLACcitation   = "%%CITATION = ARXIV:1603.08926;%%"
}

@article{Mariotti:2017vtv,
      author         = "Mariotti, Alberto and others",
      title          = "{New LHC bound on low-mass diphoton resonances}",
      year           = "2017",
      eprint         = "1710.01743",
      archivePrefix  = "arXiv",
      primaryClass   = "hep-ph",
      SLACcitation   = "%%CITATION = ARXIV:1710.01743;%%"
}


@article{Cerri:2016lgm,
      author         = "Cerri, Alessandro",
      title          = "{L1Track: A fast Level 1 track trigger for the ATLAS high
                        luminosity upgrade}",
      booktitle      = "{Proceedings of FDFP 2015}",
      collaboration  = "ATLAS",
      journal        = "Nucl. Instrum. Meth.",
      volume         = "A824",
      year           = "2016",
      pages          = "263-264",
      doi            = "10.1016/j.nima.2015.09.099",
      SLACcitation   = "%%CITATION = NUIMA,A824,263;%%"
}

@article{1748-0221-7-10-C10002,
  author={J Anderson and others},
  title={FTK: a Fast Track Trigger for ATLAS},
  journal={Journal of Instrumentation},
  volume={7},
  number={10},
  pages={C10002},
  url={http://stacks.iop.org/1748-0221/7/i=10/a=C10002},
  year={2012},
}